@inproceedings{sengupta1997query,
  title={Query by templates: A generalized approach for visual query formulation for text dominated databases},
  author={Sengupta, Arijit and Dillon, Andrew},
  booktitle={Digital Libraries, 1997. ADL'97. Proceedings., IEEE International Forum on Research and Technology Advances in},
  pages={36--47},
  year={1997},
  organization={IEEE}
}

@inproceedings{murray1998kaleidoquery,
  title={Kaleidoquery: a visual query language for object databases},
  author={Murray, Norman and Paton, Norman and Goble, Carole},
  booktitle={Proceedings of the working conference on Advanced visual interfaces},
  pages={247--257},
  year={1998},
  organization={ACM}
}

@inproceedings{gulwani2014nlyze,
  title={Nlyze: Interactive programming by natural language for spreadsheet data analysis and manipulation},
  author={Gulwani, Sumit and Marron, Mark},
  booktitle={Proceedings of the 2014 ACM SIGMOD international conference on Management of data},
  pages={803--814},
  year={2014},
  organization={ACM}
}

@article{li2014constructing,
  title={Constructing an interactive natural language interface for relational databases},
  author={Li, Fei and Jagadish, HV},
  journal={Proceedings of the VLDB Endowment},
  volume={8},
  number={1},
  pages={73--84},
  year={2014},
  publisher={VLDB Endowment}
}